
@inproceedings{
	MF08,
	author = {Shopf, Jeremy and Barczak, Joshua and Oat, Christopher and Tatarchuk, Natalya},
	title = {March of the Froblins: Simulation and Rendering Massive Crowds of Intelligent and Detailed Creatures on GPU},
	booktitle = {ACM SIGGRAPH 2008 Games},
	series = {SIGGRAPH '08},
	year = {2008},
	location = {Los Angeles, California},
	pages = {52--101},
	numpages = {50},
	url = {http://doi.acm.org/10.1145/1404435.1404439},
	doi = {10.1145/1404435.1404439},
	acmid = {1404439},
	publisher = {ACM},
	address = {New York, NY, USA}
} 

